<record><leader>00000cas a2200000 a 4500</leader><controlfield tag="001">36334939</controlfield><controlfield tag="008">970206d196619uuorucr ne      0    0eng c</controlfield><datafield ind1=" " ind2=" " tag="010"><subfield code="a">sn 96088468 </subfield></datafield><datafield ind1=" " ind2=" " tag="040"><subfield code="a">OCN</subfield><subfield code="b">eng</subfield><subfield code="c">OCN</subfield><subfield code="d">OCLCQ</subfield><subfield code="d">ORU</subfield><subfield code="d">OCLCQ</subfield><subfield code="d">OCLCF</subfield><subfield code="d">OCLCO</subfield></datafield><datafield ind1=" " ind2=" " tag="042"><subfield code="a">pcc</subfield></datafield><datafield ind1=" " ind2=" " tag="043"><subfield code="a">n-us-or</subfield></datafield><datafield ind1="0" ind2=" " tag="130"><subfield code="a">Tri-city times (Sherwood, Or.)</subfield></datafield><datafield ind1="1" ind2="4" tag="245"><subfield code="a">The Tri-city times.</subfield></datafield><datafield ind1=" " ind2=" " tag="250"><subfield code="a">A registered ed. of the Tigard times.</subfield></datafield><datafield ind1=" " ind2=" " tag="260"><subfield code="a">Sherwood, Or. :</subfield><subfield code="b">H. McGilvira and E. Hawkins,</subfield><subfield code="c">1966-</subfield></datafield><datafield ind1=" " ind2=" " tag="300"><subfield code="a">v.</subfield></datafield><datafield ind1=" " ind2=" " tag="310"><subfield code="a">Semiweekly,</subfield><subfield code="b">Apr. 26, 1973-&lt;Aug. 9, 1973&gt;</subfield></datafield><datafield ind1=" " ind2=" " tag="321"><subfield code="a">Weekly (Except week preceding Dec. 25),</subfield><subfield code="b">Feb. 10, 1966-Apr. 19, 1973</subfield></datafield><datafield ind1="0" ind2=" " tag="362"><subfield code="a">55th year, no. 21 (Feb. 10, 1966)-</subfield></datafield><datafield ind1=" " ind2=" " tag="500"><subfield code="a">Includes regional classified ads shared with other regional newspapers.</subfield></datafield><datafield ind1=" " ind2=" " tag="500"><subfield code="a">Published: Tigard, Or., Feb. 15, 1968-Aug. 9, 1973.</subfield></datafield><datafield ind1=" " ind2=" " tag="530"><subfield code="a">Also issued on microfilm from University of Oregon.</subfield></datafield><datafield ind1=" " ind2=" " tag="588"><subfield code="a">Latest issue consulted: Vol. 16, no. 47 (Aug. 9, 1973).</subfield></datafield><datafield ind1=" " ind2="0" tag="651"><subfield code="a">Sherwood (Or.)</subfield><subfield code="v">Newspapers.</subfield></datafield><datafield ind1=" " ind2="0" tag="651"><subfield code="a">Tigard (Or.)</subfield><subfield code="v">Newspapers.</subfield></datafield><datafield ind1=" " ind2="0" tag="651"><subfield code="a">Tualatin (Or.)</subfield><subfield code="v">Newspapers.</subfield></datafield><datafield ind1=" " ind2="7" tag="655"><subfield code="a">Newspapers.</subfield><subfield code="2">fast</subfield><subfield code="0">(OCoLC)fst01423814</subfield></datafield><datafield ind1=" " ind2="7" tag="651"><subfield code="a">Oregon</subfield><subfield code="z">Sherwood.</subfield><subfield code="2">fast</subfield><subfield code="0">(OCoLC)fst01216410</subfield></datafield><datafield ind1=" " ind2="7" tag="651"><subfield code="a">Oregon</subfield><subfield code="z">Tigard.</subfield><subfield code="2">fast</subfield><subfield code="0">(OCoLC)fst01208229</subfield></datafield><datafield ind1=" " ind2="7" tag="651"><subfield code="a">Oregon</subfield><subfield code="z">Tualatin.</subfield><subfield code="2">fast</subfield><subfield code="0">(OCoLC)fst01226310</subfield></datafield><datafield ind1=" " ind2=" " tag="752"><subfield code="a">United States</subfield><subfield code="b">Oregon</subfield><subfield code="c">Washington</subfield><subfield code="d">Sherwood.</subfield></datafield><datafield ind1=" " ind2=" " tag="752"><subfield code="a">United States</subfield><subfield code="b">Oregon</subfield><subfield code="c">Washington</subfield><subfield code="d">Tigard.</subfield></datafield><datafield ind1="0" ind2="0" tag="780"><subfield code="t">Tri-city news (Sherwood, Or.)</subfield><subfield code="w">(DLC)sn 96088463</subfield><subfield code="w">(OCoLC)36312755</subfield></datafield></record>